% ACL2 Workshop 1999 ===========================================================

@incollection{99-moore-graph,
  author="J Strother Moore",
  title="An Exercise in Graph Theory",
  pages="41-74",
  chapter=5,
  editor="Matt Kaufmann and Panagiotis Manolios and J Strother Moore",
  booktitle="Computer-Aided Reasoning: {ACL2} Case Studies",
  publisher="Kluwer Academic Publishers",
  year=2000,
  month="June",
  isbn="0792378490"
}

@incollection{99-kaufmann-ftc,
  author="Matt Kaufmann",
  title="Modular Proof: The Fundamental Theorem of Calculus",
  pages="75-92",
  chapter=6,
  editor="Matt Kaufmann and Panagiotis Manolios and J Strother Moore",
  booktitle="Computer-Aided Reasoning: {ACL2} Case Studies",
  publisher="Kluwer Academic Publishers",
  year=2000,
  month="June",
  isbn="0792378490"
}

@incollection{99-manolios-mu,
  author="Panagiotis Manolios",
  title="Mu-Calculus Model-Checking",
  pages="93-112",
  chapter=7,
  editor="Matt Kaufmann and Panagiotis Manolios and J Strother Moore",
  booktitle="Computer-Aided Reasoning: {ACL2} Case Studies",
  publisher="Kluwer Academic Publishers",
  year=2000,
  month="June",
  isbn="0792378490"
}

@incollection{99-greve-simulators,
  author="David Greve and Matthew Wilding and David Hardin",
  title="High-Speed, Analyzable Simulators",
  pages="113-136",
  chapter=8,
  editor="Matt Kaufmann and Panagiotis Manolios and J Strother Moore",
  booktitle="Computer-Aided Reasoning: {ACL2} Case Studies",
  publisher="Kluwer Academic Publishers",
  year=2000,
  month="June",
  isbn="0792378490"
}

@incollection{99-sawada-pipelined,
  author="Jun Sawada",
  title="Verification of a Simple Pipelined Machine Model",
  pages="137-150",
  chapter=9,
  editor="Matt Kaufmann and Panagiotis Manolios and J Strother Moore",
  booktitle="Computer-Aided Reasoning: {ACL2} Case Studies",
  publisher="Kluwer Academic Publishers",
  year=2000,
  month="June",
  isbn="0792378490"
}

@incollection{99-hunt-de,
  author="Warren A. {Hunt, Jr.}",
  title="The {DE} Language",
  pages="151-166",
  chapter=10,
  editor="Matt Kaufmann and Panagiotis Manolios and J Strother Moore",
  booktitle="Computer-Aided Reasoning: {ACL2} Case Studies",
  publisher="Kluwer Academic Publishers",
  year=2000,
  month="June",
  isbn="0792378490"
}

@incollection{99-borrione-vhdl,
  author="Dominique Borrione and Philippe Georgelin and Vanderlei Rodrigues",
  title="Using Macros to Mimic {VHDL}",
  pages="167-184",
  chapter=11,
  editor="Matt Kaufmann and Panagiotis Manolios and J Strother Moore",
  booktitle="Computer-Aided Reasoning: {ACL2} Case Studies",
  publisher="Kluwer Academic Publishers",
  year=2000,
  month="June",
  isbn="0792378490"
}

@incollection{99-jamsek-ste,
  author="Damir A. Jamsek",
  title="Symbolic Trajectory Evaluation",
  pages="185-200",
  chapter=12,
  editor="Matt Kaufmann and Panagiotis Manolios and J Strother Moore",
  booktitle="Computer-Aided Reasoning: {ACL2} Case Studies",
  publisher="Kluwer Academic Publishers",
  year=2000,
  month="June",
  isbn="0792378490"
}

@incollection{99-russinoff-rtl,
  author="David M. Russinoff and Arthur Flatau",
  title="{RTL} Verification: A Floating-Point Multiplier",
  pages="201-232",
  chapter=13,
  editor="Matt Kaufmann and Panagiotis Manolios and J Strother Moore",
  booktitle="Computer-Aided Reasoning: {ACL2} Case Studies",
  publisher="Kluwer Academic Publishers",
  year=2000,
  month="June",
  isbn="0792378490"
}

@incollection{99-bertoli-verifier,
  author="Piergiorgio Bertoli and Paolo Traverso",
  title="Design Verification of a Safety-Critical Embedded Verifier",
  pages="233-246",
  chapter=14,
  editor="Matt Kaufmann and Panagiotis Manolios and J Strother Moore",
  booktitle="Computer-Aided Reasoning: {ACL2} Case Studies",
  publisher="Kluwer Academic Publishers",
  year=2000,
  month="June",
  isbn="0792378490"
}

@incollection{99-goerigk-compiler,
  author="Wolfgang Goerigk",
  title="Compiler Verification Revisited",
  pages="247-264",
  chapter=15,
  editor="Matt Kaufmann and Panagiotis Manolios and J Strother Moore",
  booktitle="Computer-Aided Reasoning: {ACL2} Case Studies",
  publisher="Kluwer Academic Publishers",
  year=2000,
  month="June",
  isbn="0792378490"
}

@incollection{99-mccune-ivy,
  author="William McCune and Olga Shumsky",
  title="{Ivy}: A Preprocessor and Proof Checker for First-Order Logic",
  pages="265-282",
  chapter=16,
  editor="Matt Kaufmann and Panagiotis Manolios and J Strother Moore",
  booktitle="Computer-Aided Reasoning: {ACL2} Case Studies",
  publisher="Kluwer Academic Publishers",
  year=2000,
  month="June",
  isbn="0792378490"
}

@incollection{99-cowles-91,
  author="John Cowles",
  title="{Knuth}'s Generalization of {McCarthy}'s 91 Function",
  pages="283-300",
  chapter=17,
  editor="Matt Kaufmann and Panagiotis Manolios and J Strother Moore",
  booktitle="Computer-Aided Reasoning: {ACL2} Case Studies",
  publisher="Kluwer Academic Publishers",
  year=2000,
  month="June",
  isbn="0792378490"
}

@incollection{99-gamboa-differentiability,
  author="Ruben Gamboa",
  title="Continuity and Differentiability",
  pages="301-316",
  chapter=18,
  editor="Matt Kaufmann and Panagiotis Manolios and J Strother Moore",
  booktitle="Computer-Aided Reasoning: {ACL2} Case Studies",
  publisher="Kluwer Academic Publishers",
  year=2000,
  month="June",
  isbn="0792378490"
}


% ACL2 Workshop 2000 ===========================================================

@techreport{00-lusk-parallel,
  author="Ewing Lusk and William McCune",
  title="{ACL2} for Parallel Systems Software: A Progress Report",
  month="November",
  year=2000,
  number="TR-00-29",
  institution="The University of Texas at Austin, Department of Computer Sciences",
  note="ACL2 Workshop 2000 Proceedings, Part A"
}

@techreport{00-wilding-stobj,
  author="Matthew Wilding",
  title="Using a Single-Threaded Object to Speed a Verified Graph Pathfinder",
  month="November",
  year=2000,
  number="TR-00-29",
  institution="The University of Texas at Austin, Department of Computer Sciences",
  note="ACL2 Workshop 2000 Proceedings, Part A"
}

@techreport{00-sumners-bdds,
  author="Rob Sumners",
  title="Correcness Proof of a {BDD} Manager in the Context of Satisfiability Checking",
  month="November",
  year=2000,
  number="TR-00-29",
  institution="The University of Texas at Austin, Department of Computer Sciences",
  note="ACL2 Workshop 2000 Proceedings, Part A"
}

@techreport{00-shumsky-sdl,
  author="Olga Shumsky and Lawrence J. Henschen",
  title="Developing a Framework for Simulation, Verification and Testing of {SDL} Specifications",
  month="November",
  year=2000,
  number="TR-00-29",
  institution="The University of Texas at Austin, Department of Computer Sciences",
  note="ACL2 Workshop 2000 Proceedings, Part A"
}

@techreport{00-manolios-pipeline,
  author="Panagiotis Manolios",
  title="Verification of Pipelined Machines in {ACL2}",
  month="November",
  year=2000,
  number="TR-00-29",
  institution="The University of Texas at Austin, Department of Computer Sciences",
  note="ACL2 Workshop 2000 Proceedings, Part A"
}

@techreport{00-sumners-stuttering,
  author="Rob Sumners",
  title="An Incremental Stuttering Refinement Proof of a Concurrent Program in {ACL2}",
  month="November",
  year=2000,
  number="TR-00-29",
  institution="The University of Texas at Austin, Department of Computer Sciences",
  note="ACL2 Workshop 2000 Proceedings, Part A"
}

@techreport{00-reina-multiset,
  author="J. L. Ruiz-Reina and J. A. Alonso and M. J. Hidalgo and F. J. Mart\'in",
  title="Multiset Relations: A Tool for Proving Termination",
  month="November",
  year=2000,
  number="TR-00-29",
  institution="The University of Texas at Austin, Department of Computer Sciences",
  note="ACL2 Workshop 2000 Proceedings, Part A"
}

@techreport{00-goerigk,
  author="Wolfgang Goerigk",
  title="Proving Preservation of Partial Correctness with {ACL2}: A Mechanical Compiler Source Level Correctness Proof",
  month="November",
  year=2000,
  number="TR-00-29",
  institution="The University of Texas at Austin, Department of Computer Sciences",
  note="ACL2 Workshop 2000 Proceedings, Part A"
}

@techreport{00-sawada-computed,
  author="Jun Sawada",
  title="{ACL2} Computed Hints: Extension and Practice",
  month="November",
  year=2000,
  number="TR-00-29",
  institution="The University of Texas at Austin, Department of Computer Sciences",
  note="ACL2 Workshop 2000 Proceedings, Part A"
}

@techreport{00-bulo-polynomial,
  author="I. Medina-Bulo and J. A. Alonso-Jim\'enez and F. Palomo-Lozano",
  title="Automatic Verification of Polynomial Rings: Fundamental Properties in {ACL2}",
  month="November",
  year=2000,
  number="TR-00-29",
  institution="The University of Texas at Austin, Department of Computer Sciences",
  note="ACL2 Workshop 2000 Proceedings, Part A"
}

@techreport{00-russinoff-chinese,
  author="David M. Russinoff",
  title="A Mechanical Proof of the {Chinese} Remainder Theorem",
  month="November",
  year=2000,
  number="TR-00-29",
  institution="The University of Texas at Austin, Department of Computer Sciences",
  note="ACL2 Workshop 2000 Proceedings, Part A"
}

@techreport{00-manolios-partial,
  author="Panagiotis Manolios and J Strother Moore",
  title="Partial Functions in {ACL2}",
  month="November",
  year=2000,
  number="TR-00-29",
  institution="The University of Texas at Austin, Department of Computer Sciences",
  note="ACL2 Workshop 2000 Proceedings, Part A"
}

@techreport{00-bailey-tarai,
  author="Tom Bailey and John Cowles",
  title="Knuth's Generalization of {Takeuchi's} {Tarai} Function: Preliminary Report",
  month="November",
  year=2000,
  number="TR-00-29",
  institution="The University of Texas at Austin, Department of Computer Sciences",
  note="ACL2 Workshop 2000 Proceedings, Part A"
}

@techreport{00-kaufmann-pipeline,
  author="Matt Kaufmann and David M. Russinoff",
  title="Verification of Pipeline Circuits",
  month="November",
  year=2000,
  number="TR-00-29",
  institution="The University of Texas at Austin, Department of Computer Sciences",
  note="ACL2 Workshop 2000 Proceedings, Part A"
}


% ACL2 Workshop 2002 ===========================================================

@inproceedings{02-barrione-vhdl,
  author="Philippe Georgelin and Dominique Borrione and Pierre Ostier",
  title="A Framework for {VHDL} Combining Theorem Proving and Symbolic Simulation",
  booktitle="Proceedings of the Third International Workshop on the {ACL2} Theorem Prover and its Applications ({ACL2} '02)",
  month="April",
  year=2002
}

@inproceedings{02-caldwell-nuprl,
  author="James L. Caldwell and John Cowles",
  title="Representing {Nuprl} Proof Objects in {ACL2}: toward a proof checker for {Nuprl}",
  booktitle="Proceedings of the Third International Workshop on the {ACL2} Theorem Prover and its Applications ({ACL2} '02)",
  month="April",
  year=2002
}

@inproceedings{02-sawada-sqrt,
  author="Jun Sawada",
  title="Formal Verification of Divide and Square Root Algorithms Using Series Calculation",
  booktitle="Proceedings of the Third International Workshop on the {ACL2} Theorem Prover and its Applications ({ACL2} '02)",
  month="April",
  year=2002
}

@inproceedings{02-gamboa-taylor,
  author="Ruben A. Gamboa and Brittany Middleton",
  title="Taylor's Formula with Remainder",
  booktitle="Proceedings of the Third International Workshop on the {ACL2} Theorem Prover and its Applications ({ACL2} '02)",
  month="April",
  year=2002
}

@inproceedings{02-bulo-polynomial,
  author="I. Medina-Bulo and F. Palomo-Lozano and J. A. Alonso-Jim\'enez",
  title="Implementation in {ACL2} of Well-Founded Polynomial Orderings",
  booktitle="Proceedings of the Third International Workshop on the {ACL2} Theorem Prover and its Applications ({ACL2} '02)",
  month="April",
  year=2002
}

@inproceedings{02-reina-terms,
  author="J. L. Ruiz-Reina and J. A. Alonso and M. J. Hidalgo and F. J. Mart\'in-Mateos",
  title="A Theory About First-Order Terms in {ACL2}",
  booktitle="Proceedings of the Third International Workshop on the {ACL2} Theorem Prover and its Applications ({ACL2} '02)",
  month="April",
  year=2002
}

@inproceedings{02-reina-dags,
  author="J. L. Ruiz-Reina and J. A. Alonso and M. J. Hidalgo and F. J. Mart\'in-Mateos",
  title="Progress Report: Term Dags Using Stobjs",
  booktitle="Proceedings of the Third International Workshop on the {ACL2} Theorem Prover and its Applications ({ACL2} '02)",
  month="April",
  year=2002
}

@inproceedings{02-manolios-adding,
  author="Panagiotis Manolios and Matt Kaufmann",
  title="Adding a Total Order to {ACL2}",
  booktitle="Proceedings of the Third International Workshop on the {ACL2} Theorem Prover and its Applications ({ACL2} '02)",
  month="April",
  year=2002
}

@inproceedings{02-sumners-sat,
  author="Rob Sumners",
  title="Checking {ACL2} Theorems via {SAT} Checking",
  booktitle="Proceedings of the Third International Workshop on the {ACL2} Theorem Prover and its Applications ({ACL2} '02)",
  month="April",
  year=2002
}

@inproceedings{02-kaufmann-rewriting,
  author="Matt Kaufmann and Rob Sumners",
  title="Efficient Rewriting of Operations on Finite Structures in {ACL2}",
  booktitle="Proceedings of the Third International Workshop on the {ACL2} Theorem Prover and its Applications ({ACL2} '02)",
  month="April",
  year=2002
}

@inproceedings{02-cowles-primitive,
  author="John Cowles",
  title="Consistently Adding Primitive Recursive Definitions in {ACL2}",
  booktitle="Proceedings of the Third International Workshop on the {ACL2} Theorem Prover and its Applications ({ACL2} '02)",
  month="April",
  year=2002
}

@inproceedings{02-cowles-flat,
  author="John Cowles",
  title="Flat Domains and Recursive Equations in {ACL2}",
  booktitle="Proceedings of the Third International Workshop on the {ACL2} Theorem Prover and its Applications ({ACL2} '02)",
  month="April",
  year=2002
}

@inproceedings{02-martin-molecular,
  author="F. J. Mart\'in-Mateos and J. A. Alonso and M. J. P\'erez-Jim\'enez and F. Sancho-Caparrini",
  title="Molecular Computation Models in {ACL2}: a Simulation of {Lipton's} Experiment Solving {SAT}",
  booktitle="Proceedings of the Third International Workshop on the {ACL2} Theorem Prover and its Applications ({ACL2} '02)",
  month="April",
  year=2002
}

@inproceedings{02-martin-instantiation,
  author="F. J. Mart\'{i}n-Mateos and J. A. Alonso and M. J. Hidalgo and J. L. Ruiz-Reina",
  title="A Generic Instantiation Tool and a Case Study: A Generic Multiset Theory.",
  booktitle="Proceedings of the Third International Workshop on the {ACL2} Theorem Prover and its Applications ({ACL2} '02)",
  month="April",
  year=2002
}

@inproceedings{02-ray-quicksort,
  author="Sandip Ray and Rob Sumners",
  title="Verification of an In-place Quicksort in {ACL2}",
  booktitle="Proceedings of the Third International Workshop on the {ACL2} Theorem Prover and its Applications ({ACL2} '02)",
  month="April",
  year=2002
}


% ACL2 Workshop 2003 ===========================================================

@inproceedings{03-kaufmann-simplifying,
  author="Matt Kaufmann",
  title="A Tool for Simplifying Files of {ACL2} Definitions",
  booktitle="Proceedings of the Fourth International Workshop on the {ACL2} Theorem Prover and Its Applications ({ACL2} '03)",
  month="July",
  year=2003
}

@inproceedings{03-hendrix-matricies,
  author="Joe Hendrix",
  title="Matricies in {ACL2}",
  booktitle="Proceedings of the Fourth International Workshop on the {ACL2} Theorem Prover and Its Applications ({ACL2} '03)",
  month="July",
  year=2003
}

@inproceedings{03-manolios-ordinal,
  author="Panagiotis Manolios and Daron Vroon",
  title="Ordinal Arithmetic in {ACL2}",
  booktitle="Proceedings of the Fourth International Workshop on the {ACL2} Theorem Prover and Its Applications ({ACL2} '03)",
  month="July",
  year=2003
}

@inproceedings{03-sustik-dickson,
  author="Matyas Sustik",
  title="Proof of {Dickson's} Lemma Using the {ACL2} Theorem Prover via an Explicit Ordinal Mapping",
  booktitle="Proceedings of the Fourth International Workshop on the {ACL2} Theorem Prover and Its Applications ({ACL2} '03)",
  month="July",
  year=2003
}

@inproceedings{03-gamboa-arrays,
  author="Ruben Gamboa and John Cowles and Jeff Van Baalen",
  title="Using {ACL2} Arrays to Formalize Matrix Algebra",
  booktitle="Proceedings of the Fourth International Workshop on the {ACL2} Theorem Prover and Its Applications ({ACL2} '03)",
  month="July",
  year=2003
}

@inproceedings{03-gamboa-kalman,
  author="Ruben Gamboa and John Cowles and Jeff Van Baalen",
  title="On the Verification of Synthesized {Kalman} Filters",
  booktitle="Proceedings of the Fourth International Workshop on the {ACL2} Theorem Prover and Its Applications ({ACL2} '03)",
  month="July",
  year=2003
}

@inproceedings{03-matlin-encapsulation,
  author="Olga Shumsky Matlin and William McCune",
  title="Encapsulation for Practical Simplification Procedures",
  booktitle="Proceedings of the Fourth International Workshop on the {ACL2} Theorem Prover and Its Applications ({ACL2} '03)",
  month="July",
  year=2003
}

@inproceedings{03-sumners-fairness,
  author="Rob Sumners",
  title="Fair Environment Assumptions in {ACL2}",
  booktitle="Proceedings of the Fourth International Workshop on the {ACL2} Theorem Prover and Its Applications ({ACL2} '03)",
  month="July",
  year=2003
}

@inproceedings{03-toma-sha,
  author="Diana Toma and Dominique Borrione",
  title="{SHA} Formalization",
  booktitle="Proceedings of the Fourth International Workshop on the {ACL2} Theorem Prover and Its Applications ({ACL2} '03)",
  month="July",
  year=2003
}

@inproceedings{03-greve-separation,
  author="David Greve and Matthew Wilding and W. Mark Vanfleet",
  title="A Separation Kernel Formal Security Policy",
  booktitle="Proceedings of the Fourth International Workshop on the {ACL2} Theorem Prover and Its Applications ({ACL2} '03)",
  month="July",
  year=2003
}

@inproceedings{03-moore-tagging,
  author="J Strother Moore",
  title="Memory Taggings and Dynamic Data Structures",
  booktitle="Proceedings of the Fourth International Workshop on the {ACL2} Theorem Prover and Its Applications ({ACL2} '03)",
  month="July",
  year=2003
}

@inproceedings{03-moore-assertions,
  author="J Strother Moore",
  title="Inductive Assertions and Operational Semantics",
  booktitle="Proceedings of the Fourth International Workshop on the {ACL2} Theorem Prover and Its Applications ({ACL2} '03)",
  month="July",
  year=2003
}

@inproceedings{03-greve-typed,
  author="David Greve and Matthew Wilding",
  title="Typed {ACL2} Records",
  booktitle="Proceedings of the Fourth International Workshop on the {ACL2} Theorem Prover and Its Applications ({ACL2} '03)",
  month="July",
  year=2003
}

@inproceedings{03-greve-mbe,
  author="David Greve and Matthew Wilding",
  title="Using {MBE} to Speed a Verified Graph Pathfinder",
  booktitle="Proceedings of the Fourth International Workshop on the {ACL2} Theorem Prover and Its Applications ({ACL2} '03)",
  month="July",
  year=2003
}

@inproceedings{03-liu-rockwell,
  author="Hanbing Liu",
  title="A Solution to the {Rockwell} Challenge",
  booktitle="Proceedings of the Fourth International Workshop on the {ACL2} Theorem Prover and Its Applications ({ACL2} '03)",
  month="July",
  year=2003
}

@inproceedings{03-song-security,
  author="Tao Song and Jim Alves-Foss and Calvin Ko and Cui Zhang and Karl Levitt",
  title="Using {ACL2} to Verify Security Properties of Specification-based Intrusion Detection Systems",
  booktitle="Proceedings of the Fourth International Workshop on the {ACL2} Theorem Prover and Its Applications ({ACL2} '03)",
  month="July",
  year=2003
}

@inproceedings{03-al-sammane-mathematica,
  author="Ghiath Al Sammane and Dominique Borrione and Pierre Ostier and Julien Schmaltz and Diana Toma",
  title="Combining {ACL2} and {Mathematica} for the Symbolic Simulation of Digital Systems",
  booktitle="Proceedings of the Fourth International Workshop on the {ACL2} Theorem Prover and Its Applications ({ACL2} '03)",
  month="July",
  year=2003
}

@inproceedings{03-schmaltz-bus,
  author="Julien Schmaltz and Dominique Borrione",
  title="Validation of a Parameterized Bus Architecture Model",
  booktitle="Proceedings of the Fourth International Workshop on the {ACL2} Theorem Prover and Its Applications ({ACL2} '03)",
  month="July",
  year=2003
}

@inproceedings{03-gamboa-polymorphism,
  author="Ruben Gamboa and Mark Patterson",
  title="Polymorphism in {ACL2}",
  booktitle="Proceedings of the Fourth International Workshop on the {ACL2} Theorem Prover and Its Applications ({ACL2} '03)",
  month="July",
  year=2003
}


@inproceedings{03-gamboa-literate,
  author="Ruben Gamboa",
  title="Writing Literate Proofs with {XML} Tools",
  booktitle="Proceedings of the Fourth International Workshop on the {ACL2} Theorem Prover and Its Applications ({ACL2} '03)",
  month="July",
  year=2003
}

@inproceedings{03-ray-modelchecking,
  author="Sandip Ray and John Matthews and Mark Tuttle",
  title="Certifying Compositional Model Checking Algorithms in {ACL2}",
  booktitle="Proceedings of the Fourth International Workshop on the {ACL2} Theorem Prover and Its Applications ({ACL2} '03)",
  month="July",
  year=2003
}

@inproceedings{03-austel-types,
  author="Vernon Austel",
  title="Implementing Abstract Types in {ACL2}",
  booktitle="Proceedings of the Fourth International Workshop on the {ACL2} Theorem Prover and Its Applications ({ACL2} '03)",
  month="July",
  year=2003
}


% ACL2 Workshop 2004 ===========================================================

@inproceedings{04-sumners-invariant,
  author="Rob Sumners and Sandip Ray",
  title="Reducing Invariant Proofs to Finite Search via Rewriting",
  booktitle="Proceedings of the Fifth International Workshop on the {ACL2} Theorem Prover and Its Applications ({ACL2} '04)",
  month="November",
  year=2004
}

@inproceedings{04-ray-partial,
  author="Sandip Ray",
  title="Attaching Efficient Executability to Partial Functions in {ACL2}",
  booktitle="Proceedings of the Fifth International Workshop on the {ACL2} Theorem Prover and Its Applications ({ACL2} '04)",
  month="November",
  year=2004
}

@inproceedings{04-matthews-clock,
  author="John Matthews and Daron Vroon",
  title="Partial Clock Functions in {ACL2}",
  booktitle="Proceedings of the Fifth International Workshop on the {ACL2} Theorem Prover and Its Applications ({ACL2} '04)",
  month="November",
  year=2004
}

@inproceedings{04-gameiro-interval,
  author="Marcio Gameiro and Panagiotis Manolios",
  title="Formally Verifying an Algorithm Based on Interval Arithmetic for Checking Transversality",
  booktitle="Proceedings of the Fifth International Workshop on the {ACL2} Theorem Prover and Its Applications ({ACL2} '04)",
  month="November",
  year=2004
}


@inproceedings{04-manolios-hard,
  author="Panagiotis Manolios and Sudarshan K. Srinivasan",
  title="A Suite of Hard {ACL2} Theorems Arising in Refinement-Based Processor Verification",
  booktitle="Proceedings of the Fifth International Workshop on the {ACL2} Theorem Prover and Its Applications ({ACL2} '04)",
  month="November",
  year=2004
}

@inproceedings{04-davis-sets,
  author="Jared Davis",
  title="Finite Set Theory based on Fully Ordered Lists",
  booktitle="Proceedings of the Fifth International Workshop on the {ACL2} Theorem Prover and Its Applications ({ACL2} '04)",
  month="November",
  year=2004
}

@inproceedings{04-roach-hats,
  author="Steve Roach and Fares Fraij",
  title="Verifying Transformation Rules of the {HATS} High-Assurance Transformation System: An Approach",
  booktitle="Proceedings of the Fifth International Workshop on the {ACL2} Theorem Prover and Its Applications ({ACL2} '04)",
  month="November",
  year=2004
}

@inproceedings{04-fisler-features,
  author="Kathi Fisler and Brian Roberts",
  title="A Case Study in using {ACL2} for Feature-Oriented Verification",
  booktitle="Proceedings of the Fifth International Workshop on the {ACL2} Theorem Prover and Its Applications ({ACL2} '04)",
  month="November",
  year=2004
}

@inproceedings{04-sawada-vhdl,
  author="Jun Sawada",
  title="{ACL2VHDL} Translator: A Simple Approach to Fill the Semantic Gap",
  booktitle="Proceedings of the Fifth International Workshop on the {ACL2} Theorem Prover and Its Applications ({ACL2} '04)",
  month="November",
  year=2004
}

@inproceedings{04-austel-typing,
  author="Vernon Austel",
  title="Adding a typing mechanism to {ACL2}",
  booktitle="Proceedings of the Fifth International Workshop on the {ACL2} Theorem Prover and Its Applications ({ACL2} '04)",
  month="November",
  year=2004
}

@inproceedings{04-reina-unification,
  author="J. L. Ruiz Reina and J. A. Alonso and M. J. Hidalgo and F. J. Mart\'in-Mateos",
  title="A Formally Verified Quadratic Unification Algorithm",
  booktitle="Proceedings of the Fifth International Workshop on the {ACL2} Theorem Prover and its Applications ({ACL2} '04)",
  year=2004,
  month="November"
}

@inproceedings{04-legato-preconditions,
  author="Wilfred Legato",
  title="Generic Theories as Proof Strategies: A Case Study for Weakest Precondition Style Proofs",
  booktitle="Proceedings of the Fifth International Workshop on the {ACL2} Theorem Prover and its Applications ({ACL2} '04)",
  year=2004,
  month="November"
}

@inproceedings{04-hunt-nonlinear,
  author="Warren A. {Hunt, Jr.} and Robert Bellarmine Krug and J Moore",
  title="Integrating Nonlinear Arithmetic into {ACL2}",
  booktitle="Proceedings of the Fifth International Workshop on the {ACL2} Theorem Prover and its Applications ({ACL2} '04)",
  year=2004,
  month="November"
}

@inproceedings{04-greve-partitioning,
  author="David Greve and Raymond Richards and Matthew Wilding",
  title="A Summary of Intrinsic Partitioning Verification",
  booktitle="Proceedings of the Fifth International Workshop on the {ACL2} Theorem Prover and its Applications ({ACL2} '04)",
  year=2004,
  month="November"
}

@inproceedings{04-greve-enumeration,
  author="David Greve",
  title="Address Enumeration and Reasoning Over Linear Address Spaces",
  booktitle="Proceedings of the Fifth International Workshop on the {ACL2} Theorem Prover and its Applications ({ACL2} '04)",
  year=2004,
  month="November"
}

@inproceedings{04-smith-bags,
  author="Eric Smith and Serita Nelesen and David Greve and Matthew Wilding and Raymond Richards",
  title="An {ACL2} Library for Bags (Multisets)",
  booktitle="Proceedings of the Fifth International Workshop on the {ACL2} Theorem Prover and its Applications ({ACL2} '04)",
  year=2004,
  month="November"
}

@inproceedings{04-richards-common,
  author="Raymond Richards and David Greve and Matthew Wilding",
  title="The {Common Criteria}, Formal Methods and {ACL2}",
  booktitle="Proceedings of the Fifth International Workshop on the {ACL2} Theorem Prover and its Applications ({ACL2} '04)",
  year=2004,
  month="November"
}

@inproceedings{04-young-abstract,
  author="Bill Young",
  title="Reverse Abstraction in {ACL2}",
  booktitle="Proceedings of the Fifth International Workshop on the {ACL2} Theorem Prover and its Applications ({ACL2} '04)",
  year=2004,
  month="November"
}

@inproceedings{04-foss-gwv,
  author="Jim Alves-Foss and Carol Taylor",
  title="An Analysis of the {GWV} Security Policy",
  booktitle="Proceedings of the Fifth International Workshop on the {ACL2} Theorem Prover and its Applications ({ACL2} '04)",
  year=2004,
  month="November"
}

@inproceedings{04-schmaltz-network,
  author="Julien Schmaltz and Dominique Borrione",
  title="A Functional Specification and Validation Model for Networks on Chip in the {ACL2} Logic",
  booktitle="Proceedings of the Fifth International Workshop on the {ACL2} Theorem Prover and its Applications ({ACL2} '04)",
  year=2004,
  month="November"
}

@inproceedings{04-toma-sha,
  author="Diana Toma and Dominique Borrione",
  title="Verification of a Cryptographic Circuit: {SHA-1} using {ACL2}",
  booktitle="Proceedings of the Fifth International Workshop on the {ACL2} Theorem Prover and its Applications ({ACL2} '04)",
  year=2004,
  month="November"
}

@inproceedings{04-gamboa-axiomatic,
  author="Ruben Gamboa and John Cowles and Nadya Kuzmina",
  title="Axiomatic Events in {ACL2(r)}: A Story of defun, defun-std, and encapsulate",
  booktitle="Proceedings of the Fifth International Workshop on the {ACL2} Theorem Prover and its Applications ({ACL2} '04)",
  year=2004,
  month="November"
}

@inproceedings{04-cowles-tail,
  author="John Cowles and Ruben Gamboa",
  title="Contributions to the Theory of Tail Recursive Functions",
  booktitle="Proceedings of the Fifth International Workshop on the {ACL2} Theorem Prover and its Applications ({ACL2} '04)",
  year=2004,
  month="November"
}


% ACL2 Workshop 2006 ===========================================================

@inproceedings{06-pike-cryptol,
  author="Lee Pike and Mark Shields and John Matthews",
  title="A Verifying Core for a Cryptographic Language Compiler",
  booktitle="Proceedings of the Sixth International Workshop on the {ACL2} Theorem Prover and its Applications ({ACL2} '06)",
  year=2006,
  month="August"
}

@inproceedings{06-hardin-framework,
  author="David S. Hardin and Eric W. Smith and William D. Young",
  title="A Robust Machine Code Proof Framework for Highly Secure Applications",
  booktitle="Proceedings of the Sixth International Workshop on the {ACL2} Theorem Prover and its Applications ({ACL2} '06)",
  year=2006,
  month="August"
}

@inproceedings{06-cowles-factorization,
  author="John Cowles and Ruben Gamboa",
  title="Unique Factorization in {ACL2}: {Euclidean} Domains",
  booktitle="Proceedings of the Sixth International Workshop on the {ACL2} Theorem Prover and its Applications ({ACL2} '06)",
  year=2006,
  month="August"
}

@inproceedings{06-greve-parameterized,
  author="David Greve",
  title="Parameterized Congruences in {ACL2}",
  booktitle="Proceedings of the Sixth International Workshop on the {ACL2} Theorem Prover and its Applications ({ACL2} '06)",
  year=2006,
  month="August"
}

@inproceedings{06-swords-stlc,
  author="Sol Swords and William R. Cook",
  title="Soundness of the Simply Typed Lambda Calculus in {ACL2}",
  booktitle="Proceedings of the Sixth International Workshop on the {ACL2} Theorem Prover and its Applications ({ACL2} '06)",
  year=2006,
  month="August"
}

@inproceedings{06-gordon-hol,
  author="Mike Gordon and Warren A. {Hunt, Jr.} and Matt Kaufmann and James Reynolds",
  title="An Embedding of the {ACL2} Logic in {HOL}",
  booktitle="Proceedings of the Sixth International Workshop on the {ACL2} Theorem Prover and its Applications ({ACL2} '06)",
  year=2006,
  month="August"
}

@inproceedings{06-schmaltz-chip,
  author="Julien Schmaltz and Dominique Borrione",
  title="Towards a Formal Theory of On Chip Communications in the {ACL2} Logic",
  booktitle="Proceedings of the Sixth International Workshop on the {ACL2} Theorem Prover and its Applications ({ACL2} '06)",
  year=2006,
  month="August"
}

@inproceedings{06-davis-memories,
  author="Jared Davis",
  title="Memories: Array-like Records for {ACL2}",
  booktitle="Proceedings of the Sixth International Workshop on the {ACL2} Theorem Prover and its Applications ({ACL2} '06)",
  year=2006,
  month="August"
}

@inproceedings{06-hoare-ideal,
  author="Tony Hoare",
  title="The Ideal of Verified Software",
  booktitle="Proceedings of the Sixth International Workshop on the {ACL2} Theorem Prover and its Applications ({ACL2} '06)",
  year=2006,
  month="August"
}

@inproceedings{06-reeber-multiplier,
  author="Erik Reeber and Jun Sawada",
  title="Combining {ACL2} and an Automated Verification Tool to Verify a Multiplier",
  booktitle="Proceedings of the Sixth International Workshop on the {ACL2} Theorem Prover and its Applications ({ACL2} '06)",
  year=2006,
  month="August"
}

@inproceedings{06-gamboa-evaluator,
  author="Ruben Gamboa and John Cowles",
  title="Implementing a Cost-Aware Evaluator for {ACL2} Expressions",
  booktitle="Proceedings of the Sixth International Workshop on the {ACL2} Theorem Prover and its Applications ({ACL2} '06)",
  year=2006,
  month="August"
}

@inproceedings{06-boyer-memoization,
  author="Robert S. Boyer and Warren A. {Hunt, Jr.}",
  title="Function Memoization and Unique Object Representation for {ACL2} Functions",
  booktitle="Proceedings of the Sixth International Workshop on the {ACL2} Theorem Prover and its Applications ({ACL2} '06)",
  year=2006,
  month="August"
}

@inproceedings{06-rager-parallelism,
  author="David L. Rager",
  title="Adding Parallelism Capabilities to {ACL2}",
  booktitle="Proceedings of the Sixth International Workshop on the {ACL2} Theorem Prover and its Applications ({ACL2} '06)",
  year=2006,
  month="August"
}

@inproceedings{06-ray-quantification,
  author="Sandip Ray",
  title="Quantification in Tail-recursive Function Definitions",
  booktitle="Proceedings of the Sixth International Workshop on the {ACL2} Theorem Prover and its Applications ({ACL2} '06)",
  year=2006,
  month="August"
}

@inproceedings{06-hunt-phylogenetic,
  author="Warren A. {Hunt, Jr.} and Serita M. Nelesen",
  title="Phylogenetic Trees in {ACL2}",
  booktitle="Proceedings of the Sixth International Workshop on the {ACL2} Theorem Prover and its Applications ({ACL2} '06)",
  year=2006,
  month="August"
}

@inproceedings{06-kaufmann-double,
  author="Matt Kaufmann and J Strother Moore",
  title="Double Rewriting for Equivalential Reasoning in {ACL2}",
  booktitle="Proceedings of the Sixth International Workshop on the {ACL2} Theorem Prover and its Applications ({ACL2} '06)",
  year=2006,
  month="August"
}

@inproceedings{06-vaillancourt-drscheme,
  author="Dale Vaillancourt and Rex Page and Matthias Felleisen",
  title="{ACL2} in {DrScheme}",
  booktitle="Proceedings of the Sixth International Workshop on the {ACL2} Theorem Prover and its Applications ({ACL2} '06)",
  year=2006,
  month="August"
}

@inproceedings{06-davis-file,
  author="Jared Davis",
  title="Reasoning about {ACL2} File Input",
  booktitle="Proceedings of the Sixth International Workshop on the {ACL2} Theorem Prover and its Applications ({ACL2} '06)",
  year=2006,
  month="August"
}

@inproceedings{06-reeber-sat,
  author="Erik Reeber and Warren A. {Hunt, Jr.}",
  title="A {SAT}-Based Procedure for Verifying Finite State Machines in {ACL2}",
  booktitle="Proceedings of the Sixth International Workshop on the {ACL2} Theorem Prover and its Applications ({ACL2} '06)",
  year=2006,
  month="August"
}


% ACL2 Workshop 2007 ===========================================================

@inproceedings{07-dillinger-hacking,
  author="Peter Dillinger and Matt Kaufmann and Pete Manolios",
  title="Hacking and Extending {ACL2}",
  booktitle="Proceedings of the Seventh International Workshop on the {ACL2} Theorem Prover and its Applications ({ACL2} '07)",
  year=2007,
  month="November"
}

@inproceedings{07-spiridonov-pythia,
  author="Alexander Spiridonov and Sarfraz Khurshid",
  title="{Pythia:} Automatic Generation of Counterexamples for {ACL2} using {Alloy}",
  booktitle="Proceedings of the Seventh International Workshop on the {ACL2} Theorem Prover and its Applications ({ACL2} '07)",
  year=2007,
  month="November"
}

@inproceedings{07-erickson-backtracking,
  author="John Erickson",
  title="Backtracking and Induction in {ACL2}",
  booktitle="Proceedings of the Seventh International Workshop on the {ACL2} Theorem Prover and its Applications ({ACL2} '07)",
  year=2007,
  month="November"
}

@inproceedings{07-cowles-challenge,
  author="John Cowles and David Greve and William Young",
  title="The While-language Challenge: First Progress",
  booktitle="Proceedings of the Seventh International Workshop on the {ACL2} Theorem Prover and its Applications ({ACL2} '07)",
  year=2007,
  month="November"
}

@inproceedings{07-infante-lopez-examples,
  author="Gabriel Infante{-}Lopez",
  title="Building Lemmas Using Examples",
  booktitle="Proceedings of the Seventh International Workshop on the {ACL2} Theorem Prover and its Applications ({ACL2} '07)",
  year=2007,
  month="November"
}

@inproceedings{07-andres-topology,
  author="Mirian Andres and Laureano Lamban and Julio Rubio and Jose Luis Ruiz-Reina",
  title="Formalizing Simplicial Topology in {ACL2}",
  booktitle="Proceedings of the Seventh International Workshop on the {ACL2} Theorem Prover and its Applications ({ACL2} '07)",
  year=2007,
  month="November"
}

@inproceedings{07-schmaltz-routing,
  author="Julien Schmaltz",
  title="Formal Specification and Validation of Minimal Routing Algorithms for the {2D} Mesh",
  booktitle="Proceedings of the Seventh International Workshop on the {ACL2} Theorem Prover and its Applications ({ACL2} '07)",
  year=2007,
  month="November"
}

@inproceedings{07-hunt-adders,
  author="Warren A. {Hunt, Jr.} and Robert S. Boyer",
  title="A Study of Some Flawed Adders",
  booktitle="Proceedings of the Seventh International Workshop on the {ACL2} Theorem Prover and its Applications ({ACL2} '07)",
  year=2007,
  month="November"
}

@inproceedings{07-gordon-interpreter,
  author="Mike Gordon",
  title="Defining a {LISP} Interpreter in a Logic of Total Functions",
  booktitle="Proceedings of the Seventh International Workshop on the {ACL2} Theorem Prover and its Applications ({ACL2} '07)",
  year=2007,
  month="November"
}

@inproceedings{07-eastlund-freshmen,
  author="Carl Eastlund and Dale Vaillancourt and Matthias Felleisen",
  title="{ACL2} for Freshmen: First Experiences",
  booktitle="Proceedings of the Seventh International Workshop on the {ACL2} Theorem Prover and its Applications ({ACL2} '07)",
  year=2007,
  month="November"
}

@inproceedings{07-rimlinger-evolution,
  author="Frank Rimlinger",
  title="Evolution from Debugging to Verification",
  booktitle="Proceedings of the Seventh International Workshop on the {ACL2} Theorem Prover and its Applications ({ACL2} '07)",
  year=2007,
  month="November"
}

@inproceedings{07-greve-heap,
  author="David Greve",
  title="Scalable Normalization for Heap Manipulating Functions",
  booktitle="Proceedings of the Seventh International Workshop on the {ACL2} Theorem Prover and its Applications ({ACL2} '07)",
  year=2007,
  month="November"
}

@inproceedings{07-ray-challenge,
  author="Sandip Ray",
  title="A Generalized Solution for the While Challenge",
  booktitle="Proceedings of the Seventh International Workshop on the {ACL2} Theorem Prover and its Applications ({ACL2} '07)",
  year=2007,
  month="November"
}

@inproceedings{07-sotes-hindley,
  author="Diego Sotes and Laureano Lamban and Julio Rubio",
  title="Proof Reusing: The Case of the {Hindley} Algorithm",
  booktitle="Proceedings of the Seventh International Workshop on the {ACL2} Theorem Prover and its Applications ({ACL2} '07)",
  year=2007,
  month="November"
}


% ACL2 Workshop 2009 ===========================================================

@inproceedings{09-sumners-simplifier,
  author="Rob Sumners",
  title="User Control and Direction of a More Efficient Simplifier in {ACL2}",
  booktitle="Proceedings of the Eighth International Workshop on the {ACL2} Theorem Prover and its Applications ({ACL2} '09)",
  year=2009,
  month="May"
}

@inproceedings{09-moore-instantiations,
  author="J Moore",
  title="Automatically Computing Functional Instantiations",
  booktitle="Proceedings of the Eighth International Workshop on the {ACL2} Theorem Prover and its Applications ({ACL2} '09)",
  year=2009,
  month="May"
}

@inproceedings{09-boyer-simulation,
  author="Robert S. Boyer and Warren A. {Hunt, Jr.}",
  title="Symbolic Simulation in {ACL2}",
  booktitle="Proceedings of the Eighth International Workshop on the {ACL2} Theorem Prover and its Applications ({ACL2} '09)",
  year=2009,
  month="May"
}

@inproceedings{09-liu-inequality,
  author="Hanbing Liu",
  title="Proving A Specific Type Of Inequality Theorems in {ACL2}: a bind-free experience report",
  booktitle="Proceedings of the Eighth International Workshop on the {ACL2} Theorem Prover and its Applications ({ACL2} '09)",
  year=2009,
  month="May"
}

@inproceedings{09-page-curriculum,
  author="Rex Page",
  title="Computational Logic in the Undergraduate Curriculum",
  booktitle="Proceedings of the Eighth International Workshop on the {ACL2} Theorem Prover and its Applications ({ACL2} '09)",
  year=2009,
  month="May"
}

@inproceedings{09-eastlund-interactive,
  author="Carl Eastlund and Matthias Felleisen",
  title="Automatic Verification for Interactive Graphical Programs",
  booktitle="Proceedings of the Eighth International Workshop on the {ACL2} Theorem Prover and its Applications ({ACL2} '09)",
  year=2009,
  month="May"
}

@inproceedings{09-eastlund-doublecheck,
  author="Carl Eastlund",
  title="{DoubleCheck} Your Theorems",
  booktitle="Proceedings of the Eighth International Workshop on the {ACL2} Theorem Prover and its Applications ({ACL2} '09)",
  year=2009,
  month="May"
}

@inproceedings{09-garcia-dominguez-xmleye,
  author="Antonio Garcia{-}Dominguez and Francisco Palomo{-}Lozaon and Inmaculada Medina{-}Bulo",
  title="Hypertext Navigation of {ACL2} Proofs with {XMLEye}",
  booktitle="Proceedings of the Eighth International Workshop on the {ACL2} Theorem Prover and its Applications ({ACL2} '09)",
  year=2009,
  month="May"
}

@inproceedings{09-gamboa-inverse,
  author="Ruben Gamboa and John Cowles",
  title="Inverse Functions in {ACL2(r)}",
  booktitle="Proceedings of the Eighth International Workshop on the {ACL2} Theorem Prover and its Applications ({ACL2} '09)",
  year=2009,
  month="May"
}

@inproceedings{09-kaufmann-abbreviated,
  author="Matt Kaufmann",
  title="Abbreviated Output for Input in {ACL2}: An Implementation Case Study",
  booktitle="Proceedings of the Eighth International Workshop on the {ACL2} Theorem Prover and its Applications ({ACL2} '09)",
  year=2009,
  month="May"
}

@inproceedings{09-ralston-avl,
  author="Ryan Ralston",
  title="{ACL2}-Certified {AVL} Trees",
  booktitle="Proceedings of the Eighth International Workshop on the {ACL2} Theorem Prover and its Applications ({ACL2} '09)",
  year=2009,
  month="May"
}

@inproceedings{09-fraij-dags,
  author="Fares Fraij and Steve Roach",
  title="Proof of Transitive Closure Property of Directed Acyclic Graphs",
  booktitle="Proceedings of the Eighth International Workshop on the {ACL2} Theorem Prover and its Applications ({ACL2} '09)",
  year=2009,
  month="May"
}

@inproceedings{09-cowles-solving,
  author="John Cowles and Ruben Gamboa",
  title="Solving $\triangle = \square$",
  booktitle="Proceedings of the Eighth International Workshop on the {ACL2} Theorem Prover and its Applications ({ACL2} '09)",
  year=2009,
  month="May"
}

@inproceedings{09-kaufmann-labview,
  author="Matt Kaufmann and Jacob Kornerup and Mark Reitblatt",
  title="Formal Verification of {LabVIEW} Programs Using the {ACL2} Theorem Prover",
  booktitle="Proceedings of the Eighth International Workshop on the {ACL2} Theorem Prover and its Applications ({ACL2} '09)",
  year=2009,
  month="May"
}

@inproceedings{09-pierre-properties,
  author="Laurence Pierre and Renauld Clavel and Regis Leveugle",
  title="{ACL2} for the Verification of Fault-Tolerance Properties: First Results",
  booktitle="Proceedings of the Eighth International Workshop on the {ACL2} Theorem Prover and its Applications ({ACL2} '09)",
  year=2009,
  month="May"
}

@inproceedings{09-hardin-stobjs,
  author="David Hardin and Samuel Hardin",
  title="Efficient, Formally Verifiable Data Structures using {ACL2} Single-Threaded Objects for High-Assurance Systems",
  booktitle="Proceedings of the Eighth International Workshop on the {ACL2} Theorem Prover and its Applications ({ACL2} '09)",
  year=2009,
  month="May"
}

@inproceedings{09-rager-jfkr,
  author="David Rager",
  title="An Executable Model for Security Protocol {JFKr}",
  booktitle="Proceedings of the Eighth International Workshop on the {ACL2} Theorem Prover and its Applications ({ACL2} '09)",
  year=2009,
  month="May"
}

@inproceedings{09-greve-quantified,
  author="Dave Greve",
  title="Automated Reasoning With Quantified Formulae",
  booktitle="Proceedings of the Eighth International Workshop on the {ACL2} Theorem Prover and its Applications ({ACL2} '09)",
  year=2009,
  month="May"
}

@inproceedings{09-greve-termination,
  author="Dave Greve",
  title="Assuming Termination",
  booktitle="Proceedings of the Eighth International Workshop on the {ACL2} Theorem Prover and its Applications ({ACL2} '09)",
  year=2009,
  month="May"
}

@inproceedings{09-van-der-broek-model,
  author="Tom van der Broek and Julien Schmaltz",
  title="A Generic Implementation Model for the Formal Verification of Networks-on-Chips",
  booktitle="Proceedings of the Eighth International Workshop on the {ACL2} Theorem Prover and its Applications ({ACL2} '09)",
  year=2009,
  month="May"
}

@inproceedings{09-verbeek,
  author="Freek Verbeek and Julien Schmaltz",
  title="Formal Validation of Deadlock Prevention in Networks-on-Chips",
  booktitle="Proceedings of the Eighth International Workshop on the {ACL2} Theorem Prover and its Applications ({ACL2} '09)",
  year=2009,
  month="May"
}


% International Conference on Interactive Theorem Proving (ITP) 2010 ===========

@inproceedings{10-klein-what,
  author="Gerwin Klein",
  title="A Formally Verified {OS} Kernel.  Now What?",
  booktitle="Proceedings of the First International Conference on Interactive Theorem Proving ({ITP} '10)",
  year=2010,
  month="July"
}

@inproceedings{10-pierce-trenches,
  author="Benjamin C. Pierce",
  title="Proof Assistants as Teaching Assistants: A View from the Trenches",
  booktitle="Proceedings of the First International Conference on Interactive Theorem Proving ({ITP} '10)",
  year=2010,
  month="July"
}

@inproceedings{10-cachera-denotational,
  author="David Cachera and David Pichardie",
  title="A Certified Denotational Abstract Interpreter",
  booktitle="Proceedings of the First International Conference on Interactive Theorem Proving ({ITP} '10)",
  year=2010,
  month="July"
}

@inproceedings{10-cowles-lebesgue,
  author="John Cowles and Ruben Gamboa",
  title="Using a First Order Logic to Verify That Some Set of Reals Has No {Lebesgue} Measure",
  booktitle="Proceedings of the First International Conference on Interactive Theorem Proving ({ITP} '10)",
  year=2010,
  month="July"
}

@inproceedings{10-huffman-nominal,
  author="Brian Huffman and Christian Urban",
  title="A New Foundation for Nominal {Isabelle}",
  booktitle="Proceedings of the First International Conference on Interactive Theorem Proving ({ITP} '10)",
  year=2010,
  month="July"
}

@inproceedings{10-kumar-unification,
  author="Ramana Kumar and Michael Norrish",
  title="(Nominal) Unification by Recursive Descent with Triangular Substitution",
  booktitle="Proceedings of the First International Conference on Interactive Theorem Proving ({ITP} '10)",
  year=2010,
  month="July"
}

@inproceedings{10-verbeek-networks,
  author="Freek Verbeek and Julien Schmaltz",
  title="A Formal Proof of a Necessary and Sufficient Condition for Deadlock-Free Adaptive Networks",
  booktitle="Proceedings of the First International Conference on Interactive Theorem Proving ({ITP} '10)",
  year=2010,
  month="July"
}

@inproceedings{10-armand-imperative,
  author="{Micha\"el} Armand and Benjamin Gr\'egoire and Arnaud Spiwack and Laurent Th\'ery",
  title="Extending {Coq} with Imperative Features and Its Application to {SAT} Verification",
  booktitle="Proceedings of the First International Conference on Interactive Theorem Proving ({ITP} '10)",
  year=2010,
  month="July"
}

@inproceedings{10-autexier-declarative,
  author="Serge Autexier and Dominik Dietrich",
  title="A Tactic Language for Declarative Proofs",
  booktitle="Proceedings of the First International Conference on Interactive Theorem Proving ({ITP} '10)",
  year=2010,
  month="July"
}

@inproceedings{10-barthe-crypto,
  author="Gilles Barthe and Benjamin Gr\'egoire and Santiago Zanella B\'eguelin",
  title="Programming Language Techniques for Cryptographic Proofs",
  booktitle="Proceedings of the First International Conference on Interactive Theorem Proving ({ITP} '10)",
  year=2010,
  month="July"
}

@inproceedings{10-blanchette-nitpick,
  author="Jasmin Christian Blanchette and Tobias Nipkow",
  title="{Nitpick:} A Counterexample Generator for Higher-Order Logic Based on a Relational Model Finder",
  booktitle="Proceedings of the First International Conference on Interactive Theorem Proving ({ITP} '10)",
  year=2010,
  month="July"
}

@inproceedings{10-boldo-wave,
  author="Sylvie Boldo and Fran\c{c}ois Cl\'ement and Jean-Christophe Filli\^atre and Micaela Mayero and Guillaume Melquiond and Pierre Weis",
  title="Formal Proof of a Wave Equation Resolution Scheme: The Method Error",
  booktitle="Proceedings of the First International Conference on Interactive Theorem Proving ({ITP} '10)",
  year=2010,
  month="July"
}

@inproceedings{10-braibant-kleene,
  author="Thomas Braibant and Damien Pous",
  title="An Efficient {Coq} Tactic for Deciding {Kleene} Algebras",
  booktitle="Proceedings of the First International Conference on Interactive Theorem Proving ({ITP} '10)",
  year=2010,
  month="July"
}

@inproceedings{10-boehme-z3,
  author="Sascha {B\"ohme} and Tjark Weber",
  title="Fast {LCF}-Style Proof Reconstruction for {Z3}",
  booktitle="Proceedings of the First International Conference on Interactive Theorem Proving ({ITP} '10)",
  year=2010,
  month="July"
}

@inproceedings{10-chargueraud-combinator,
  author="Arthur Chargu\'eraud",
  title="The Optimal Fixed Point Combinator",
  booktitle="Proceedings of the First International Conference on Interactive Theorem Proving ({ITP} '10)",
  year=2010,
  month="July"
}

@inproceedings{10-dufourd-triangulation,
  author="Jean-Fran\c{c}ois Dufourd and Yves Bertot",
  title="Formal Study of Plane {Delaunay} Triangulation",
  booktitle="Proceedings of the First International Conference on Interactive Theorem Proving ({ITP} '10)",
  year=2010,
  month="July"
}

@inproceedings{10-felty-hoas,
  author="Amy Felty and Brigitte Pientka",
  title="Reasoning with Higher-Order Abstract Syntax and Contexts: A Comparison",
  booktitle="Proceedings of the First International Conference on Interactive Theorem Proving ({ITP} '10)",
  year=2010,
  month="July"
}

@inproceedings{10-fox-armv7,
  author="Anthony Fox and Magnus O. Myreen",
  title="A Trustworthy Monadic Formalization of the {ARMv7} Instruction Set Architecture",
  booktitle="Proceedings of the First International Conference on Interactive Theorem Proving ({ITP} '10)",
  year=2010,
  month="July"
}

@inproceedings{10-geuvers-safety,
  author="Herman Geuvers and Adam Koprowski and Dan Synek and Eelis van der Weegen",
  title="Automated Machine-Checked Hybrid System Safety Proofs",
  booktitle="Proceedings of the First International Conference on Interactive Theorem Proving ({ITP} '10)",
  year=2010,
  month="July"
}

@inproceedings{10-hendrix-coverset,
  author="Joe Hendrix and Deepak Kapur and Jos\'e Meseguer",
  title="Coverset Induction with Partiality and Subsorts: A Powerlist Case Study",
  booktitle="Proceedings of the First International Conference on Interactive Theorem Proving ({ITP} '10)",
  year=2010,
  month="July"
}

@inproceedings{10-johansson-rippling,
  author="Moa Johansson and Lucas Dixon and Alan Bundy",
  title="Case-Analysis for Rippling and Inductive Proof",
  booktitle="Proceedings of the First International Conference on Interactive Theorem Proving ({ITP} '10)",
  year=2010,
  month="July"
}

@inproceedings{10-keller-importing,
  author="Chantal Keller and Benjamin Werner",
  title="Importing {HOL Light} into {Coq}",
  booktitle="Proceedings of the First International Conference on Interactive Theorem Proving ({ITP} '10)",
  year=2010,
  month="July"
}

@inproceedings{10-krauss-translation,
  author="Alexander Krauss and Andreas Schropp",
  title="A Mechanized Translation from Higher-Order Logic to Set Theory",
  booktitle="Proceedings of the First International Conference on Interactive Theorem Proving ({ITP} '10)",
  year=2010,
  month="July"
}

@inproceedings{10-lammich-collections,
  author="Peter Lammich and Andreas Lochbihler",
  title="The {Isabelle} Collections Framework",
  booktitle="Proceedings of the First International Conference on Interactive Theorem Proving ({ITP} '10)",
  year=2010,
  month="July"
}

@inproceedings{10-manolios-termination,
  author="Panagiotis Manolios and Daron Vroon",
  title="Interactive Termination Proofs Using Termination Cores",
  booktitle="Proceedings of the First International Conference on Interactive Theorem Proving ({ITP} '10)",
  year=2010,
  month="July"
}

@inproceedings{10-mansky-optimizations,
  author="William Mansky and Elsa Gunter",
  title="A Framework for Formal Verification of Compiler Optimizations",
  booktitle="Proceedings of the First International Conference on Interactive Theorem Proving ({ITP} '10)",
  year=2010,
  month="July"
}

@inproceedings{10-mhamdi-integration,
  author="Tarek Mhamdi and Osman Hasan and Sofi\`ene Tahar",
  title="On the Formalization of the {Lebesgue} Integration Theory in {HOL}",
  booktitle="Proceedings of the First International Conference on Interactive Theorem Proving ({ITP} '10)",
  year=2010,
  month="July"
}

@inproceedings{10-cohen-reduction,
  author="Ernie Cohen and Bert Schirmer",
  title="From Total Store Order to Sequential Consistency: A Practical Reduction Theorem",
  booktitle="Proceedings of the First International Conference on Interactive Theorem Proving ({ITP} '10)",
  year=2010,
  month="July"
}

@inproceedings{10-sozeau-equations,
  author="Matthieu Sozeau",
  title="{Equations:} A Dependent Pattern-Matching Compiler",
  booktitle="Proceedings of the First International Conference on Interactive Theorem Proving ({ITP} '10)",
  year=2010,
  month="July"
}

@inproceedings{10-swords-conversion,
  author="Sol Swords and Warren A. {Hunt, Jr.}",
  title="A Mechanically Verified {AIG}-to-{BDD} Conversion Algorithm",
  booktitle="Proceedings of the First International Conference on Interactive Theorem Proving ({ITP} '10)",
  year=2010,
  month="July"
}

@inproceedings{10-walukiewicz-chrzaszcz-consequences,
  author="Daria Walukiewicz-Chrz\k{a}szcz and Jacek Chrz\k{a}szcz",
  title="Inductive Consequences in the {Calculus} of {Constructions}",
  booktitle="Proceedings of the First International Conference on Interactive Theorem Proving ({ITP} '10)",
  year=2010,
  month="July"
}

@inproceedings{10-weber-qbf,
  author="Tjark Weber",
  title="Validating {QBF} Invalidity in {HOL4}",
  booktitle="Proceedings of the First International Conference on Interactive Theorem Proving ({ITP} '10)",
  year=2010,
  month="July"
}

@inproceedings{10-howe-hoas,
  author="Douglas J. Howe",
  title="Higher-Order Abstract Syntax in {Isabelle/HOL}",
  booktitle="Proceedings of the First International Conference on Interactive Theorem Proving ({ITP} '10)",
  year=2010,
  month="July"
}

@inproceedings{10-myreen-separation,
  author="Magnus O. Myreen",
  title="Separation Logic Adapted for Proofs by Rewriting",
  booktitle="Proceedings of the First International Conference on Interactive Theorem Proving ({ITP} '10)",
  year=2010,
  month="July"
}

@inproceedings{10-spitters-hierarchy,
  author="Bas Spitters and Eelis van der Weegen",
  title="Developing the Algebraic Hierarchy with Type Classes in {Coq}",
  booktitle="Proceedings of the First International Conference on Interactive Theorem Proving ({ITP} '10)",
  year=2010,
  month="July"
}


% ACL2 Workshop 2011 ===========================================================

@inproceedings{11-chamarthi-testing,
  author="Harsh Raju Chamarthi and Peter C. Dillinger and Matt Kaufmann and Panagiotis Manolios",
  title="Integrating Testing and Interactive Theorem Proving",
  booktitle="Proceedings of the Tenth International Workshop on the {ACL2} Theorem Prover and its Applications ({ACL2} '11)",
  year=2011,
  month="November"
}

@inproceedings{11-cowles-sierpinski,
  author="John R. Cowles and Ruben Gamboa",
  title="Verifying {Sierpi\'nski} and {Riesel} Numbers in {ACL2}",
  booktitle="Proceedings of the Tenth International Workshop on the {ACL2} Theorem Prover and its Applications ({ACL2} '11)",
  year=2011,
  month="November"
}

@inproceedings{11-dahlin-hypervisor,
  author="Mike Dahlin and Ryan Johnson and Robert Bellarmine Krug and Michael McCoyd and William Young",
  title="Toward the Verification of a Simple Hypervisor",
  booktitle="Proceedings of the Tenth International Workshop on the {ACL2} Theorem Prover and its Applications ({ACL2} '11)",
  year=2011,
  month="November"
}

@inproceedings{11-kaufmann-enhancements,
  author="Matt Kaufmann and J Strother Moore",
  title="How Can I Do That with {ACL2}?  Recent Enhancements to {ACL2}",
  booktitle="Proceedings of the Tenth International Workshop on the {ACL2} Theorem Prover and its Applications ({ACL2} '11)",
  year=2011,
  month="November"
}

@inproceedings{11-reid-differentiator,
  author="Peter Reid and Ruben Gamboa",
  title="Implementing an Automatic Differentiator in {ACL2}",
  booktitle="Proceedings of the Tenth International Workshop on the {ACL2} Theorem Prover and its Applications ({ACL2} '11)",
  year=2011,
  month="November"
}

@inproceedings{11-seidel-fp,
  author="Peter{-}Michael Seidel",
  title="Formal Verification of an Iterative Low-Power {x86} Floating-Point Multiplier with Redundant Feedback",
  booktitle="Proceedings of the Tenth International Workshop on the {ACL2} Theorem Prover and its Applications ({ACL2} '11)",
  year=2011,
  month="November"
}

@inproceedings{11-swords-blasting,
  author="Sol Swords and Jared Davis",
  title="Bit-Blasting {ACL2} Theorems",
  booktitle="Proceedings of the Tenth International Workshop on the {ACL2} Theorem Prover and its Applications ({ACL2} '11)",
  year=2011,
  month="November"
}

@inproceedings{11-verbeek-deadlock,
  author="Freek Verbeek and Julien Schmaltz",
  title="Formal verification of a deadlock detection algorithm",
  booktitle="Proceedings of the Tenth International Workshop on the {ACL2} Theorem Prover and its Applications ({ACL2} '11)",
  year=2011,
  month="November"
}


% ACL2 Workshop 2013 ===========================================================

@inproceedings{13-davis-embedding,
  author="Jared Davis",
  title="Embedding {ACL2} Models in End-User Applications",
  booktitle="Proceedings of the Eleventh International Workshop on the {ACL2} Theorem Prover and its Applications ({ACL2} '13)",
  year=2013,
  month="May"
}

@inproceedings{13-kaufmann-enhancements,
  author="Matt Kaufmann and J Strother Moore",
  title="Enhancements to {ACL2} in Versions 5.0, 6.0, and 6.1",
  booktitle="Proceedings of the Eleventh International Workshop on the {ACL2} Theorem Prover and its Applications ({ACL2} '13)",
  year=2013,
  month="May"
}

@inproceedings{13-eggensperger,
  author="Caleb Eggensperger",
  title="{Proof Pad}: A New Development Environment for {ACL2}",
  booktitle="Proceedings of the Eleventh International Workshop on the {ACL2} Theorem Prover and its Applications ({ACL2} '13)",
  year=2013,
  month="May"
}

@inproceedings{13-joosten,
  author="Sebastiaan J. C. Joosten and Bernard van Gastel and Julien Schmaltz",
  title="A Macro for Reusing Abstract Functions and Theorems",
  booktitle="Proceedings of the Eleventh International Workshop on the {ACL2} Theorem Prover and its Applications ({ACL2} '13)",
  year=2013,
  month="May"
}

@inproceedings{13-greve-partial,
  author="David Greve and Konrad Slind",
  title="A Step-Indexing Approach to Partial Functions",
  booktitle="Proceedings of the Eleventh International Workshop on the {ACL2} Theorem Prover and its Applications ({ACL2} '13)",
  year=2013,
  month="May"
}

@inproceedings{13-goel-absstobj,
  author="Shilpi Goel and Warren A. {Hunt, Jr.} and Matt Kaufmann",
  title="Abstract Stobjs and Their Application to {ISA} Modeling",
  booktitle="Proceedings of the Eleventh International Workshop on the {ACL2} Theorem Prover and its Applications ({ACL2} '13)",
  year=2013,
  month="May"
}

@inproceedings{13-verbeek-async,
  author="Freek Verbeek and Julien Schmaltz",
  title="Verification of Building Blocks for Asynchronous Circuits",
  booktitle="Proceedings of the Eleventh International Workshop on the {ACL2} Theorem Prover and its Applications ({ACL2} '13)",
  year=2013,
  month="May"
}

@inproceedings{13-helms-quantum,
  author="Lucas Helms and Ruben Gamboa",
  title="An Interpreter for Quantum Circuits",
  booktitle="Proceedings of the Eleventh International Workshop on the {ACL2} Theorem Prover and its Applications ({ACL2} '13)",
  year=2013,
  month="May"
}

@inproceedings{13-davis-aig,
  author="Jared Davis and Sol Swords",
  title="Verified {AIG} Algorithms in {ACL2}",
  booktitle="Proceedings of the Eleventh International Workshop on the {ACL2} Theorem Prover and its Applications ({ACL2} '13)",
  year=2013,
  month="May"
}

@inproceedings{13-van-gastel-xmas,
  author="Bernard van Gastel and Julien Schmaltz",
  title="A formalisation of {XMAS}",
  booktitle="Proceedings of the Eleventh International Workshop on the {ACL2} Theorem Prover and its Applications ({ACL2} '13)",
  year=2013,
  month="May"
}

@inproceedings{13-hardin-cuda,
  author="David S. Hardin and Samuel S. Hardin",
  title="{ACL2} Meets the {GPU}: Formalizing a {CUDA}-based Parallelizable All-Pairs Shortest Path Algorithm in {ACL2}",
  booktitle="Proceedings of the Eleventh International Workshop on the {ACL2} Theorem Prover and its Applications ({ACL2} '13)",
  year=2013,
  month="May"
}


% ACL2 Workshop 2014 ===========================================================

@inproceedings{14-kaufmann-enhancements,
  author="Matt Kaufmann and J Strother Moore",
  title="Enhancements to {ACL2} in Versions 6.2, 6.3, and 6.4",
  booktitle="Proceedings of the Twelfth International Workshop on the {ACL2} Theorem Prover and its Applications ({ACL2} '14)",
  year=2014,
  month="July"
}

@inproceedings{14-davis-xdoc,
  author="Jared Davis and Matt Kaufmann",
  title="Industrial-Strength Documentation for {ACL2}",
  booktitle="Proceedings of the Twelfth International Workshop on the {ACL2} Theorem Prover and its Applications ({ACL2} '14)",
  year=2014,
  month="July"
}

@inproceedings{14-chamarthi-defdata,
  author="Harsh Raju Chamarthi and Peter C. Dillinger and Panagiotis Manolios",
  title="Data Definitions in the {ACL2 Sedan}",
  booktitle="Proceedings of the Twelfth International Workshop on the {ACL2} Theorem Prover and its Applications ({ACL2} '14)",
  year=2014,
  month="July"
}

@inproceedings{14-selfridge-polymorphic,
  author="Benjamin Selfridge and Eric Smith",
  title="Polymorphic Types in {ACL2}",
  booktitle="Proceedings of the Twelfth International Workshop on the {ACL2} Theorem Prover and its Applications ({ACL2} '14)",
  year=2014,
  month="July"
}

@inproceedings{14-heras-ml,
  author="J\'onathan Heras and Ekaterina Komendantskaya",
  title="{ACL2(ml)}: Machine-Learning for {ACL2}",
  booktitle="Proceedings of the Twelfth International Workshop on the {ACL2} Theorem Prover and its Applications ({ACL2} '14)",
  year=2014,
  month="July"
}

@inproceedings{14-joosten-tptp,
  author="Sebastiaan Joosten and Cezary Kaliszyk and Josef Urban",
  title="Initial Experiments with {TPTP}-style Automated Theorem Provers on {ACL2} Problems",
  booktitle="Proceedings of the Twelfth International Workshop on the {ACL2} Theorem Prover and its Applications ({ACL2} '14)",
  year=2014,
  month="July"
}

@inproceedings{14-gamboa-economics,
  author="Ruben Gamboa and John Cowles",
  title="On {Vickrey}'s Theorem and the Use of {ACL2} for Formal Reasoning in Economics",
  booktitle="Proceedings of the Twelfth International Workshop on the {ACL2} Theorem Prover and its Applications ({ACL2} '14)",
  year=2014,
  month="July"
}

@inproceedings{14-cowles-equivalence,
  author="John Cowles and Ruben Gamboa",
  title="Equivalence of the Traditional and Non-Standard Definitions of Concepts from Real Analysis",
  booktitle="Proceedings of the Twelfth International Workshop on the {ACL2} Theorem Prover and its Applications ({ACL2} '14)",
  year=2014,
  month="July"
}

@inproceedings{14-gamboa-arctangent,
  author="Ruben Gamboa and John Cowles",
  title="Formal Verification of {Medina}'s Sequence of Polynomials for Approximating Arctangent",
  booktitle="Proceedings of the Twelfth International Workshop on the {ACL2} Theorem Prover and its Applications ({ACL2} '14)",
  year=2014,
  month="July"
}

@inproceedings{14-puri-pipelining,
  author="Disha Puri and Sandip Ray and Kecheng Hao and Fei Xie",
  title="Using {ACL2} to Verify Loop Pipelining in Behavioral Synthesis",
  booktitle="Proceedings of the Twelfth International Workshop on the {ACL2} Theorem Prover and its Applications ({ACL2} '14)",
  year=2014,
  month="July"
}

@inproceedings{14-selfridge,
  author="Benjamin Selfridge",
  title="An {ACL2} Mechanization of an Axiomatic Framework for Weak Memory",
  booktitle="Proceedings of the Twelfth International Workshop on the {ACL2} Theorem Prover and its Applications ({ACL2} '14)",
  year=2014,
  month="July"
}

@inproceedings{14-oleary-systemc,
  author="John W. O'Leary and David M. Russinoff",
  title="Modeling Algorithms in {SystemC} and {ACL2}",
  booktitle="Proceedings of the Twelfth International Workshop on the {ACL2} Theorem Prover and its Applications ({ACL2} '14)",
  year=2014,
  month="July"
}

@inproceedings{14-hardin-llvm,
  author="David S. Hardin and Jennifer A. Davis and David A. Greve and Jedidiah R. McClurg",
  title="Development of a Translator from {LLVM} to {ACL2}",
  booktitle="Proceedings of the Twelfth International Workshop on the {ACL2} Theorem Prover and its Applications ({ACL2} '14)",
  year=2014,
  month="July"
}


% ACL2 Workshop 2015 ===========================================================

@inproceedings{15-rager-fp,
  author="David L. Rager and Jo Ebergen and Austin Lee and Dmitry Nadezhin and Ben Selfridge and Cuong K. Chau",
  title="A Brief Introduction to {Oracle}'s Use of {ACL2} in Verifying Floating-point and Integer Arithmetic",
  booktitle="Proceedings of the Thirteenth International Workshop on the {ACL2} Theorem Prover and its Applications ({ACL2} '15)",
  year=2015,
  month="October"
}

@inproceedings{15-swords-fty,
  author="Sol Swords and Jared Davis",
  title="Fix Your Types",
  booktitle="Proceedings of the Thirteenth International Workshop on the {ACL2} Theorem Prover and its Applications ({ACL2} '15)",
  year=2015,
  month="October"
}

@inproceedings{15-coglio-soft,
  author="Alessandro Coglio",
  title="Second-Order Functions and Theorems in {ACL2}",
  booktitle="Proceedings of the Thirteenth International Workshop on the {ACL2} Theorem Prover and its Applications ({ACL2} '15)",
  year=2015,
  month="October"
}

@inproceedings{15-chau-fourier,
  author="Cuong K. Chau and Matt Kaufmann and Warren A. {Hunt, Jr.}",
  title="{Fourier} Series Formalization in {ACL2(r)}",
  booktitle="Proceedings of the Thirteenth International Workshop on the {ACL2} Theorem Prover and its Applications ({ACL2} '15)",
  year=2015,
  month="October"
}

@inproceedings{15-cowles-perfect,
  author="John Cowles and Ruben Gamboa",
  title="Perfect Numbers in {ACL2}",
  booktitle="Proceedings of the Thirteenth International Workshop on the {ACL2} Theorem Prover and its Applications ({ACL2} '15)",
  year=2015,
  month="October"
}

@inproceedings{15-peng-smt,
  author="Yan Peng and Mark Greenstreet",
  title="Extending {ACL2} with {SMT} Solvers",
  booktitle="Proceedings of the Thirteenth International Workshop on the {ACL2} Theorem Prover and its Applications ({ACL2} '15)",
  year=2015,
  month="October"
}

@inproceedings{15-hardin-llvm,
  author="David S. Hardin",
  title="Reasoning about {LLVM} Code Using {Codewalker}",
  booktitle="Proceedings of the Thirteenth International Workshop on the {ACL2} Theorem Prover and its Applications ({ACL2} '15)",
  year=2015,
  month="October"
}

@inproceedings{15-moore-stateman,
  author="J Strother Moore",
  title="{Stateman}: Using Metafunctions to Manage Large Terms Representing Machine States",
  booktitle="Proceedings of the Thirteenth International Workshop on the {ACL2} Theorem Prover and its Applications ({ACL2} '15)",
  year=2015,
  month="October"
}

@inproceedings{15-jain-refinement,
  author="Mitesh Jain and Panagiotis Manolios",
  title="Proving Skipping Refinement with {ACL2s}",
  booktitle="Proceedings of the Thirteenth International Workshop on the {ACL2} Theorem Prover and its Applications ({ACL2} '15)",
  year=2015,
  month="October"
}


% ACL2 Workshop 2017 ===========================================================

@inproceedings{17-goel-x86isa,
  author="Shilpi Goel",
  title="The {x86isa} Books: Features, Usage, and Future Plans",
  booktitle="Proceedings of the Fourteenth International Workshop on the {ACL2} Theorem Prover and its Applications ({ACL2} '17)",
  year=2017,
  month="May"
}

@inproceedings{17-cowles-construction,
  author="John Cowles and Ruben Gamboa",
  title="The {Cayley-Dickson} Construction in {ACL2}",
  booktitle="Proceedings of the Fourteenth International Workshop on the {ACL2} Theorem Prover and its Applications ({ACL2} '17)",
  year=2017,
  month="May"
}

@inproceedings{17-russinoff-surveyable,
  author="David M. Russinoff",
  title="A Computationally Surveyable Proof of the Group Properties of an Elliptic Curve",
  booktitle="Proceedings of the Fourteenth International Workshop on the {ACL2} Theorem Prover and its Applications ({ACL2} '17)",
  year=2017,
  month="May"
}

@inproceedings{17-kaufmann-meta,
  author="Matt Kaufmann and Sol Swords",
  title="Meta-extract: Using Existing Facts in Meta-reasoning",
  booktitle="Proceedings of the Fourteenth International Workshop on the {ACL2} Theorem Prover and its Applications ({ACL2} '17)",
  year=2017,
  month="May"
}

@inproceedings{17-sumners-refinement,
  author="Rob Sumners",
  title="Proof Reduction of Fair Stuttering Refinement of Asynchronous Systems and Applications",
  booktitle="Proceedings of the Fourteenth International Workshop on the {ACL2} Theorem Prover and its Applications ({ACL2} '17)",
  year=2017,
  month="May"
}

@inproceedings{17-swords-blasting,
  author="Sol Swords",
  title="Term-Level Reasoning in Support of Bit-blasting",
  booktitle="Proceedings of the Fourteenth International Workshop on the {ACL2} Theorem Prover and its Applications ({ACL2} '17)",
  year=2017,
  month="May"
}

@inproceedings{17-chau-de,
  author="Cuong Chau",
  title="Formal Specification and Verification of the {FM9001} Microprocessor Using the {DE} System",
  booktitle="Proceedings of the Fourteenth International Workshop on the {ACL2} Theorem Prover and its Applications ({ACL2} '17)",
  year=2017,
  month="May"
}